% this is the bibliography file

@inproceedings{Borisov:2004:OCW:1029179.1029200,
 author = {Borisov, Nikita and Goldberg, Ian and Brewer, Eric},
 title = {Off-the-record Communication, or, Why Not to Use PGP},
 booktitle = {Proceedings of the 2004 ACM Workshop on Privacy in the Electronic Society},
 series = {WPES '04},
 year = {2004},
 isbn = {1-58113-968-3},
 location = {Washington DC, USA},
 pages = {77--84},
 numpages = {8},
 url = {http://doi.acm.org/10.1145/1029179.1029200},
 doi = {10.1145/1029179.1029200},
 acmid = {1029200},
 publisher = {ACM},
 address = {New York, NY, USA},
 keywords = {deniability, perfect forward secrecy, private communication},
}

@book{Miller:2009:AES:1823209,
 author = {Miller, Frederic P. and Vandome, Agnes F. and McBrewster, John},
 title = {Advanced Encryption Standard},
 year = {2009},
 isbn = {6130268297, 9786130268299},
 publisher = {Alpha Press},
}  

@techreport{Dworkin:2001:SER:2206247,
 author = {Dworkin, Morris J.},
 title = {SP 800-38A 2001 Edition. Recommendation for Block Cipher Modes of Operation: Methods and Techniques},
 year = {2001},
 publisher = {National Institute of Standards \& Technology},
 address = {Gaithersburg, MD, United States},
}

@misc{beem, 
howpublished = "\url{http://beem-project.com/projects/beem/wiki}"
}

@misc{xabber, 
howpublished = "\url{http://www.xabber.com}"
}

@misc{apg, 
howpublished = "\url{http://www.thialfihar.org/projects/apg}"
}

@misc{pgpsms, 
howpublished = "\url{https://play.google.com/store/apps/details?id=com.woodkick.pgpsms&hl=en}"
}

@misc{pgpviewer, 
howpublished = "\url{https://play.google.com/store/apps/details?id=com.symantec.pgpviewersymantec&hl=en}"
}

@misc{marketShare, 
howpublished = "\url{http://www.androidcentral.com/best-android-phones}"
}

@article{base64,
	author = {Mohammad A. AlAhmad and Imad Fakhri Al Shaikhli and Hanady Mohammad Ahmad},
	title = {Protection of the Texts Using Base64 and MD5},
	journal = {Journal of Advanced Computer Science and Technology Research},
	volume = {2},
	number = {1},
	year = {2012},
	keywords = {},
	}
